@misc{voser, title={Welcome to project LEPTAN's documentation!}, 
url={https://project-leptan-docs.readthedocs.io/en/latest/index.html}, 
journal={Welcome to Project Leptan's Documentation! - Project Leptan Docs 1.0.0 documentation}, 
author={Voser, Pascal}} 